@article{Thomas,
    title = {Query Optimization},
    author = {Thomas Neumann},
    journal = {Technical University of Munich}
}

@article{Moerkotte,
    title = {Dynamic Programming for Join Ordering Revisited},
    author = {Guido Moerkotte},
    journal = {School of Electrical Engineering and Computer Science, Faculty of Engineering University of Ottawa},
    pages = {10}
}

@article{Adaptive,
    title = {Adaptive Optimization of Very Large Join Queries},
    journal={In Proceedings of 2018 International Conference on Management of Data, Houston, TX, USA, June 10–15, 2018 (SIGMOD’18), 16 pages},
    author = {Thomas Neumann, Bernhard Radke},
}

@article{LinDP,
    title = {LinDP++: Generalizing Linearized DP to Crossproducts and Non-Inner Joins},
    journal={Lecture Notes in Informatics (LNI), Gesellschaft für Informatik, Bonn 2018},
    author = {Bernhard Radke, Thomas Neumann},
}

@article{MoeNeu,
    title = {Dynamic Programming Strikes Back},
    author = {Guido Moerkotte, Thomas Neumann},
    journal = {University of Mannheim, Max-Planck Institute for Informatics},
    year = {2008}
}
@article{Allam,
    title = {Evaluation of a greedy join-order optimization approach using the IMDB dataset},
    author = {Julian Reddy Allam},
    journal = {University of Magdeburg},
    pages = {23},
    year = {2018}
}

@article{KBZ,
    title = {Optimization of Nonrecursive Queries},
    author = {Ravi Krishnamurthy, Haran Boral, Carlo Zaniolo},
    journal = {VLDB '86: Proceedings of the 12th International Conference on Very Large Data Bases},
    pages = {128-137},
    year = {1986}
}

@article{IK,
    title = {On the optimal nesting order for computing N-relational joins},
    author = {Toshihide Ibaraki, Tiko Kameda},
    journal = {ACM Transactions on Database Systems (TODS), Volume 9, Issue 3},
    pages = {482 - 502},
    year = {1984}
}